@book{softmatter,
	author = {Jonathan V. Selinger
	},
	title = {Introduction to the Theory of Soft Matter Jonathan V. Selinger From Ideal Gases to Liquid Crystals},
	date = {April 2015}
}
@online{wiki,
	title = {Monte Carlo Method},
	date = {12/3/2020},
	url = {https://en.wikipedia.org/wiki/Monte_Carlo_method}
}
@manual{lab,
	title = {NTULearn Lab Manual for Experiment 9: Monte Carlo Simulations of Phase Transitons},
	date = {12/3/2020}
}

